
% BibTeX Entries

@misc{AngularJSDocs,
	ALTauthor = {Google},
	title = {AngularJS Documentation},
	date = {2017},
	howpublished = "\url{https://docs.angularjs.org/guide/introduction}",
	OPTlanguage = {english},
	OPTversion = {1.x},
	OPTorganization = {Google},
}

@book{green2013angularjs,
	title={AngularJS},
	author={Green, Brad and Seshadri, Shyam},
	year={2013},
	publisher={" O'Reilly Media, Inc."}
}

@misc{ciDocs,
	title = {Codeigniter Documentation},
	date = {2017},
	howpublished = "\url{https://www.codeigniter.com/user_guide/general/index.html}",
	OPTlanguage = {english},
}

@misc{bootstrap,
	title = {Twitter Bootstrap Documentation},
	date = {2017},
	howpublished = "\url{http://getbootstrap.com/css/}",
	OPTlanguage = {english},
}